@book{Szyperski:2002:CSB:515228,
 author = {Szyperski, Clemens},
 title = {Component Software: Beyond Object-Oriented Programming},
 year = {2002},
 isbn = {0201745720},
 edition = {2nd},
 publisher = {Addison-Wesley Longman Pub. Co., Inc.},
 address = {Boston, MA, USA},
}
@misc{corba:omg06,
  abstract = {The CORBA Component Model Specification},
  added-at = {2007-04-15T04:57:28.000+0200},
  author = {{Object Management Group}},
  biburl = {http://www.bibsonomy.org/bibtex/28da2c472a3b60a7d1d107106d7bfeebc/piveta},
  comment = {The CORBA Component Model Specification},
  description = {Teste},
  institution = {Object Management Group},
  interhash = {95a179e05668043d47a88b82e36a4af9},
  intrahash = {8da2c472a3b60a7d1d107106d7bfeebc},
  keywords = {CORBA ComponentMetamodel Model sosym07},
  month = {Apr.},
  number = {V4.0},
  owner = {Eduardo Piveta},
  pdf = {http://www.omg.org/docs/formal/06-04-01.pdf},
  timestamp = {2007-04-15T05:08:22.000+0200},
  title = {{CORBA Component Model}},
  type = {Specification},
  url = {http://www.omg.org/docs/formal/06-04-01.pdf},
  year = 2006
}
@misc{ccmdeploy:omg06,
  title = {{Deployment and Configuration of component-based Distributed Applications}},
  author = {{Object Management Group}},
  month = {Apr.},
  number = {V4.0},
  type = {Specification},
  url = {https://www.omg.org/spec/DEPL/4.0/PDF},
  year = 2006
}
@article{Baude,
year={2009},
issn={0003-4347},
journal={{Annals of telecommunications}},
volume={64},
number={1-2},
doi={10.1007/s12243-008-0068-8},
title={{GCM: a grid extension to Fractal for autonomous distributed components}},
publisher={Springer-Verlag},
keywords={Distributed components; Autonomous components; Adaptable components; Collective communications; Grid component model},
author={Baude, F. and Caromel, D. and Dalmasso, Cé. and Danelutto, M. and Getov, V. and Henrio, L. and P\'erez, C.},
pages={5-24},
language={English},
}
@article{Bernholdt01052006,
  title = {{A Component Architecture for High-Performance Scientific Computing}},
  commented-author = {Allan, B.A. and Armstrong, R. and Bernholdt, D.E. and Bertrand, F. and Chiu, K. and Dahlgren, T.L. and Damevski, K. and Elwasif, W.R. and Epperly, T.G.W. and Govindaraju, M. and Katz, D.S. and Kohl, J.A. and Krishnan, M. and Kumfert, G. and Larson, J.W. and Lefantzi, S. and Lewis, M.J. and Malony, A.D. and McInnes, L.C. and Nieplocha, J. and Norris, B. and Parker, S.G. and Ray, J. and Shende, S. and Windus, T.L. and Zhou, S.},
  author = {B. A. Allan and others},
  publisher = {Sage Publications, Inc.},
  address = {Thousand Oaks, CA, USA},
  pages = {163--202},
  year = 2006,
  journal = {Intl J. of High Performance Computing Applications},
  number = 2,
  volume = 20,
  doi = {10.1177/1094342006064488},
URL = {http://hpc.sagepub.com/content/20/2/163.abstract}, 
}
@article{l2c,
year={2014},
issn={0010-485X},
journal={Computing},
volume={96},
number={12},
doi={10.1007/s00607-013-0368-3},
title={A low level component model easing performance portability of HPC applications},
url={http://dx.doi.org/10.1007/s00607-013-0368-3},
publisher={Springer Vienna},
keywords={HPC; Component models; Performance portability; Curie supercomputer; Grid’5000; 68N99; 68W10; 68M99},
author={Bigot, Julien and Hou, Zhengxiong and Pérez, Christian and Pichon, Vincent},
pages={1115-1130},
language={English},
}
@techreport{bigot:inria-00388508,
  TITLE = {{Increasing Reuse in Component Models through Genericity}},
  AUTHOR = {Bigot, Julien and P{\'e}rez, Christian},
  URL = {https://hal.inria.fr/inria-00388508},
  INSTITUTION = {Inria},
  TYPE = {Research Report},
  NUMBER = {RR-6941},
  PAGES = {15},
  YEAR = {2009},
  KEYWORDS = {software components ; genericity},
  PDF = {https://hal.inria.fr/inria-00388508/file/RR-6941.pdf},
  HAL_ID = {inria-00388508},
  HAL_VERSION = {v1},
}
@Article{Coullon2017,
author="Coullon, H{\'e}l{\`e}ne
and Bigot, Julien
and Perez, Christian",
title="{Extensibility and Composability of a Multi-Stencil Domain Specific Framework}",
journal="Intl J. of Parallel Programming",
year="2017",
month="Nov",
day="21",
issn="1573-7640",
doi="10.1007/s10766-017-0539-5"
}

@inproceedings{dicosmo:hal-01233489,
  TITLE = {{Automatic Deployment of Services in the Cloud with Aeolus Blender}},
  AUTHOR = {Di Cosmo, Roberto and Eiche, Antoine and Mauro, Jacopo and Zacchiroli, Stefano and Zavattaro, Gianluigi and Zwolakowski, Jakub},
  OPTURL = {https://hal.inria.fr/hal-01233489},
  BOOKTITLE = {{13th Intl Conf. on Service-Oriented Computing}},
  ADDRESS = {Goa, India},
  EDITOR = {Alistair Barros and Daniela Grigori and Nanjangud C. Narendra and Hoa Khanh Dam},
  PUBLISHER = {{Springer}},
  OPTSERIES = {Service-Oriented Computing - 13th International Conference, {ICSOC}},
  VOLUME = {9435},
  PAGES = {397--411},
  YEAR = {2015},
  MONTH = Nov,
  DOI = {10.1007/978-3-662-48616-0\_28},
  PDF = {https://hal.inria.fr/hal-01233489/file/main.pdf},
  HAL_ID = {hal-01233489},
  HAL_VERSION = {v1},
}
@article{dicosmo:hal-01091062,
  TITLE = {{Aeolus: a Component Model for the Cloud}},
  AUTHOR = {Di Cosmo, Roberto and Mauro, Jacopo and Zacchiroli, Stefano and Zavattaro, Gianluigi},
  OPTURL = {https://hal.inria.fr/hal-01091062},
  JOURNAL = {{Information and Computation}},
  PUBLISHER = {{Elsevier}},
  PAGES = {100--121},
  YEAR = {2014},
  MONTH = Jan,
  KEYWORDS = {software component ; model ; cloud computing ; distributed systems},
  PDF = {https://hal.inria.fr/hal-01091062/file/main.pdf},
  HAL_ID = {hal-01091062},
  HAL_VERSION = {v1},
}

@INPROCEEDINGS{4534217, 
author={A. Flissi and J. Dubus and N. Dolet and P. Merle}, 
booktitle={2008 Eighth IEEE International Symposium on Cluster Computing and the Grid (CCGRID)}, 
title={Deploying on the Grid with DeployWare}, 
year={2008}, 
volume={}, 
number={}, 
pages={177-184}, 
keywords={grid computing;DeployWare;distributed software systems;grid computing;grid infrastructure;heterogeneity;heterogeneous software systems;large scale infrastructures;metamodel;physical infrastructures;software composing;virtual machine;Application software;Concrete;Grid computing;Large-scale systems;Middleware;Peer to peer computing;Scalability;Software libraries;Software systems;Virtual machining;components;deployment;distributed software systems;grid computing;middleware}, 
doi={10.1109/CCGRID.2008.59}, 
ISSN={}, 
month={May},}

@misc{tosca:web,
  key = {TOSCA},
  title = "{Topology and Orchestration Specification for Cloud Applications V1.0}",
  year="2013",
  howpublished = {\url{http://docs.oasis-open.org/tosca/TOSCA/v1.0/os/TOSCA-v1.0-os.html}}
}
@InProceedings{10.1007/978-3-319-74781-1_33,
author="Brogi, Antonio
and Neri, Davide
and Rinaldi, Luca
and Soldani, Jacopo",
editor="Cerone, Antonio
and Roveri, Marco",
title="{From (Incomplete) TOSCA Specifications to Running Applications, with Docker}",
booktitle="Software Engineering and Formal Methods",
year="2018",
publisher="Springer Intl Pub.",
pages="491--506",
abstract="Cloud applications typically consist of multiple interacting components, each requiring a virtualised runtime environment providing the needed software support (e.g., operating system, libraries). In this paper, we show how TOSCA and Docker can be effectively exploited to orchestrate multi-component applications, even if their (runtime) specification is incomplete. More precisely, we first propose a TOSCA-based representation for multi-component applications, and we show how to use it to specify only the components forming an application. We then present a way to automatically complete TOSCA application specifications, by discovering Docker-based runtime environments that provide the software support needed by the application components. We also discuss how the obtained specifications can be automatically orchestrated by existing TOSCA engines.",
isbn="978-3-319-74781-1"
}
@article{baude:hal-01001043,
  TITLE = {{Programming distributed and adaptable autonomous components--the GCM/ProActive framework}},
  AUTHOR = {Baude, Fran{\c c}oise and Henrio, Ludovic and Ruz, Cristian},
  OPTURL = {https://hal.inria.fr/hal-01001043},
  JOURNAL = {{Software: Practice and Experience}},
  PUBLISHER = {{Wiley}},
  YEAR = {2014},
  MONTH = May,
  OPTPDF = {https://hal.inria.fr/hal-01001043/file/spe2013.pdf},
  HAL_ID = {hal-01001043},
  HAL_VERSION = {v1},
}
@Article{Blair2009,
author="Blair, Gordon
and Coupaye, Thierry
and Stefani, Jean-Bernard",
title="{Component-based architecture: the Fractal initiative}",
journal="{Annals of telecommunications}",
year="2009",
month="Feb",
day="01",
volume="64",
number="1",
pages="1--4",
issn="1958-9395",
doi="10.1007/s12243-009-0086-1",
opturl="https://doi.org/10.1007/s12243-009-0086-1"
}
@article{Peterson:1977:PN:356698.356702,
 author = {Peterson, James L.},
 title = {Petri Nets},
 journal = {ACM Comput. Surv.},
 issue_date = {Sept. 1977},
 volume = {9},
 number = {3},
 month = {Sep.},
 year = {1977},
 issn = {0360-0300},
 pages = {223--252},
 numpages = {30},
 url = {http://doi.acm.org/10.1145/356698.356702},
 doi = {10.1145/356698.356702},
 acmid = {356702},
 publisher = {ACM},
 address = {New York, NY, USA},
} 
@INPROCEEDINGS{os:7923796,
author={A. Lebre and J. Pastor and A. Simonet and F. Desprez},
booktitle={2017 IEEE International Conference on Cloud Engineering (IC2E)},
title={Revising OpenStack to Operate Fog/Edge Computing Infrastructures},
year={2017},
volume={},
number={},
pages={138-148},
keywords={cloud computing;computer centres;peer-to-peer computing;software management;Fog/Edge computing infrastructures;Grid'5000 testbed;IaaS system;Internet-scale IaaS platform;Internet-wide IaaS manager;OpenStack Nova service;OpenStack revision;OpenStack software;P2P mechanisms;centralized SQL backend;cloud computing;distributed key/value store;distributed system;remote data-centers;Buildings;Cloud computing;Databases;Prototypes;Servers},
doi={10.1109/IC2E.2017.35},
ISSN={},
month={April},}

@inproceedings{coullon:hal-01532489,
  TITLE = {{Production Deployment Tools for IaaSes: an Overall Model and Survey}},
  AUTHOR = {Coullon, H{\'e}l{\`e}ne and Pertin, Dimitri and P{\'e}rez, Christian},
  URL = {https://hal.inria.fr/hal-01532489},
  BOOKTITLE = {{The IEEE 5th International Conference on Future Internet of Things and Cloud (FiCloud)}},
  ADDRESS = {Prague, Czech Republic},
  PAGES = {183-190},
  YEAR = {2017},
  MONTH = Aug,
  DOI = {10.1109/FiCloud.2017.51},
  KEYWORDS = { Survey ; Deployment ;  Openstack ;  IaaS ;  Model},
  PDF = {https://hal.inria.fr/hal-01532489/file/main.pdf},
  HAL_ID = {hal-01532489},
  HAL_VERSION = {v1},
}

@inproceedings{Chaimov:2016:SSH:2907294.2907310,
 author = {Chaimov, Nicholas and Malony, Allen and Canon, Shane and Iancu, Costin and Ibrahim, Khaled Z. and Srinivasan, Jay},
 title = {Scaling Spark on HPC Systems},
 booktitle = {Proceedings of the 25th ACM International Symposium on High-Performance Parallel and Distributed Computing},
 series = {HPDC '16},
 year = {2016},
 isbn = {978-1-4503-4314-5},
 location = {Kyoto, Japan},
 pages = {97--110},
 numpages = {14},
 url = {http://doi.acm.org/10.1145/2907294.2907310},
 doi = {10.1145/2907294.2907310},
 acmid = {2907310},
 publisher = {ACM},
 address = {New York, NY, USA},
 keywords = {apache spark, berkeley data analytics stack, cray xc, lustre, shifter},
}

@ARTICLE{7422054, 
author={D. Zeng and L. Gu and S. Guo and Z. Cheng and S. Yu}, 
journal={IEEE Transactions on Computers}, 
title={Joint Optimization of Task Scheduling and Image Placement in Fog Computing Supported Software-Defined Embedded System}, 
year={2016}, 
volume={65}, 
number={12}, 
pages={3702-3712}, 
keywords={cloud computing;computational complexity;embedded systems;integer programming;nonlinear programming;resource allocation;scheduling;I/O interrupt requests balancing;computational complexity;fog computing;image placement;mixed-integer nonlinear programming problem;software-defined embedded system;storage servers;task images;task scheduling;workload balancing;Embedded systems;Fog computing;Image edge detection;Minimization;Processor scheduling;Resource management;Servers;Fog computing;optimization;resource management;software-defined embedded system;task scheduling}, 
doi={10.1109/TC.2016.2536019}, 
ISSN={0018-9340}, 
month={Dec},}

@article{Hu:2017:SFC:3164154.3164301,
 author = {Hu, Pengfei and Dhelim, Sahraoui and Ning, Huansheng and Qiu, Tie},
 title = {Survey on Fog Computing},
 journal = {J. Netw. Comput. Appl.},
 issue_date = {November 2017},
 volume = {98},
 number = {C},
 month = nov,
 year = {2017},
 issn = {1084-8045},
 pages = {27--42},
 numpages = {16},
 url = {https://doi.org/10.1016/j.jnca.2017.09.002},
 doi = {10.1016/j.jnca.2017.09.002},
 acmid = {3164301},
 publisher = {Academic Press Ltd.},
 address = {London, UK, UK},
 keywords = {Application, Architecture, Cloud computing, Edge computing, Fog computing, Internet of Things(IoT)},
}

@article{bell2015jop,
  author={Bell, Tim and Bompastor, B and Bukowiec, S and Leon, J Castro and
      Denis, MK and van Eldik, J and Lobo, M Fermin and Alvarez, L Fernandez
      and Rodriguez, D Fernandez and Marino, A and others},
  title={Scaling the {CERN} {O}pen{S}tack {C}loud},
  journal={Journal of Physics: Conference Series},
  volume={664},
  number={2},
  url={http://stacks.iop.org/1742-6596/664/i=2/a=022003},
  year={2015},
}
