@article{arbab2004reo,
  title={Reo: a Channel-Based Coordination Model for Component
                  Composition},
  author={Arbab, Farhad},
  journal={Mathematical structures in computer science},
  volume={14},
  number={3},
  pages={329--366},
  year={2004},
  publisher={Cambridge University Press}
}

@InProceedings{10.1007/0-306-47005-5_6,
author="B{\'a}lek, Du{\v{s}}an
and Pl{\'a}{\v{s}}il, Franti{\v{s}}ek",
editor="Zieli{\'{n}}ski, Krzysztof
and Geihs, Kurt
and Laurentowski, Aleksander",
title="Software Connectors and Their Role in Component Deployment",
booktitle="New Developments in Distributed Applications and Interoperable Systems",
year="2001",
publisher="Springer US",
address="Boston, MA",
pages="69--84",
isbn="978-0-306-47005-9"
}

@book{Szyperski:2002:CSB:515228,
 author = {Szyperski, Clemens},
 title = {Component Software: Beyond Object-Oriented Programming},
 year = {2002},
 isbn = {0201745720},
 edition = {2nd},
 publisher = {Addison-Wesley Longman Pub. Co., Inc.},
 address = {Boston, MA, USA},
}
@misc{corba:omg06,
  abstract = {The CORBA Component Model Specification},
  added-at = {2007-04-15T04:57:28.000+0200},
  author = {{Object Management Group}},
  biburl = {http://www.bibsonomy.org/bibtex/28da2c472a3b60a7d1d107106d7bfeebc/piveta},
  comment = {The CORBA Component Model Specification},
  description = {Teste},
  institution = {Object Management Group},
  interhash = {95a179e05668043d47a88b82e36a4af9},
  intrahash = {8da2c472a3b60a7d1d107106d7bfeebc},
  keywords = {CORBA ComponentMetamodel Model sosym07},
  month = {Apr.},
  number = {V4.0},
  owner = {Eduardo Piveta},
  pdf = {http://www.omg.org/docs/formal/06-04-01.pdf},
  timestamp = {2007-04-15T05:08:22.000+0200},
  title = {{CORBA Component Model}},
  type = {Specification},
  url = {http://www.omg.org/docs/formal/06-04-01.pdf},
  year = 2006
}
@misc{ccmdeploy:omg06,
  title = {{Deployment and Configuration of component-based Distributed Applications}},
  author = {{Object Management Group}},
  month = {Apr.},
  number = {V4.0},
  type = {Specification},
  url = {https://www.omg.org/spec/DEPL/4.0/PDF},
  year = 2006
}
@article{Baude,
year={2009},
issn={0003-4347},
journal={{Annals of telecommunications}},
volume={64},
number={1-2},
doi={10.1007/s12243-008-0068-8},
title={{GCM: a grid extension to Fractal for autonomous distributed components}},
publisher={Springer-Verlag},
keywords={Distributed components; Autonomous components; Adaptable components; Collective communications; Grid component model},
author={Baude, F. and Caromel, D. and Dalmasso, Cé. and Danelutto, M. and Getov, V. and Henrio, L. and P\'erez, C.},
pages={5-24},
language={English},
}
@article{Bernholdt01052006,
  title = {{A Component Architecture for High-Performance Scientific Computing}},
  commented-author = {Allan, B.A. and Armstrong, R. and Bernholdt, D.E. and Bertrand, F. and Chiu, K. and Dahlgren, T.L. and Damevski, K. and Elwasif, W.R. and Epperly, T.G.W. and Govindaraju, M. and Katz, D.S. and Kohl, J.A. and Krishnan, M. and Kumfert, G. and Larson, J.W. and Lefantzi, S. and Lewis, M.J. and Malony, A.D. and McInnes, L.C. and Nieplocha, J. and Norris, B. and Parker, S.G. and Ray, J. and Shende, S. and Windus, T.L. and Zhou, S.},
  author = {B. A. Allan and others},
  publisher = {Sage Publications, Inc.},
  address = {Thousand Oaks, CA, USA},
  pages = {163--202},
  year = 2006,
  journal = {Intl J. of High Performance Computing Applications},
  number = 2,
  volume = 20,
  doi = {10.1177/1094342006064488},
URL = {http://hpc.sagepub.com/content/20/2/163.abstract}, 
}
@article{l2c,
year={2014},
issn={0010-485X},
journal={Computing},
volume={96},
number={12},
doi={10.1007/s00607-013-0368-3},
title={A low level component model easing performance portability of HPC applications},
url={http://dx.doi.org/10.1007/s00607-013-0368-3},
publisher={Springer Vienna},
keywords={HPC; Component models; Performance portability; Curie supercomputer; Grid’5000; 68N99; 68W10; 68M99},
author={Bigot, Julien and Hou, Zhengxiong and Pérez, Christian and Pichon, Vincent},
pages={1115-1130},
language={English},
}
@techreport{bigot:inria-00388508,
  TITLE = {{Increasing Reuse in Component Models through Genericity}},
  AUTHOR = {Bigot, Julien and P{\'e}rez, Christian},
  URL = {https://hal.inria.fr/inria-00388508},
  INSTITUTION = {Inria},
  TYPE = {Research Report},
  NUMBER = {RR-6941},
  PAGES = {15},
  YEAR = {2009},
  KEYWORDS = {software components ; genericity},
  PDF = {https://hal.inria.fr/inria-00388508/file/RR-6941.pdf},
  HAL_ID = {inria-00388508},
  HAL_VERSION = {v1},
}
@Article{Coullon2017,
author="Coullon, H{\'e}l{\`e}ne
and Bigot, Julien
and Perez, Christian",
title="{Extensibility and Composability of a Multi-Stencil Domain Specific Framework}",
journal="Intl J. of Parallel Programming",
year="2017",
month="Nov",
day="21",
issn="1573-7640",
doi="10.1007/s10766-017-0539-5"
}

@inproceedings{dicosmo:hal-01233489,
  TITLE = {{Automatic Deployment of Services in the Cloud with Aeolus Blender}},
  AUTHOR = {Di Cosmo, Roberto and Eiche, Antoine and Mauro, Jacopo and Zacchiroli, Stefano and Zavattaro, Gianluigi and Zwolakowski, Jakub},
  OPTURL = {https://hal.inria.fr/hal-01233489},
  BOOKTITLE = {{13th Intl Conf. on Service-Oriented Computing}},
  ADDRESS = {Goa, India},
  EDITOR = {Alistair Barros and Daniela Grigori and Nanjangud C. Narendra and Hoa Khanh Dam},
  PUBLISHER = {{Springer}},
  OPTSERIES = {Service-Oriented Computing - 13th International Conference, {ICSOC}},
  VOLUME = {9435},
  PAGES = {397--411},
  YEAR = {2015},
  MONTH = Nov,
  DOI = {10.1007/978-3-662-48616-0\_28},
  PDF = {https://hal.inria.fr/hal-01233489/file/main.pdf},
  HAL_ID = {hal-01233489},
  HAL_VERSION = {v1},
}

@article{dicosmo2014ic,
  title = {{Aeolus}: a Component Model for the Cloud},
  author = {Di Cosmo, Roberto and Mauro, Jacopo and Zacchiroli, Stefano and Zavattaro, Gianluigi},
  journal = {{Information and Computation}},
  publisher = {{Elsevier}},
  pages = {100--121},
  year = {2014},
  month = {1},
  volume = "239",
  issn = "0890-5401",
  doi = "https://doi.org/10.1016/j.ic.2014.11.002",
  url = "http://www.sciencedirect.com/science/article/pii/S0890540114001424",
}

@phdthesis{zwolakowski:tel-01172022,
  TITLE = {{A formal approach to distributed application synthesis and deployment automation}},
  AUTHOR = {Zwolakowski, Jakub},
  URL = {https://tel.archives-ouvertes.fr/tel-01172022},
  SCHOOL = {{Univerist{\'e} Paris Diderot Paris 7}},
  YEAR = {2015},
  MONTH = Apr,
  KEYWORDS = {cloud computing ; distributed systems ; distributed configuration management ; deployment ; system administration ; architecture synthesis ; formal methods ; constraint solving},
  TYPE = {Theses},
  PDF = {https://tel.archives-ouvertes.fr/tel-01172022/file/jakub%20zwolakowski%20phd%20thesis.pdf},
  HAL_ID = {tel-01172022},
  HAL_VERSION = {v1},
}

@inproceedings{flissi2008ccgrid,
  author = {Flissi, Areski and Dubus, J{\'e}r{\'e}my and Dolet, Nicolas and
    Merle, Philippe},
  title = {Deploying on the {G}rid with {DeployWare}},
  booktitle = {Proceedings of the 2008 Eighth IEEE International Symposium on
    Cluster Computing and the Grid},
  series = {CCGRID '08},
  year = {2008},
  isbn = {978-0-7695-3156-4},
  pages = {177--184},
  url = {https://doi.org/10.1109/CCGRID.2008.59},
  doi = {10.1109/CCGRID.2008.59},
  acmid = {1372444},
  publisher = {IEEE Computer Society},
  address = {Washington, DC, USA},
}

@InProceedings{brogi2018,
author="Brogi, Antonio
and Neri, Davide
and Rinaldi, Luca
and Soldani, Jacopo",
editor="Cerone, Antonio
and Roveri, Marco",
title="{From (Incomplete) TOSCA Specifications to Running Applications, with Docker}",
booktitle="Software Engineering and Formal Methods",
year="2018",
publisher="Springer Intl Pub.",
pages="491--506",
isbn="978-3-319-74781-1"
}
@article{baude:hal-01001043,
  TITLE = {{Programming distributed and adaptable autonomous components--the GCM/ProActive framework}},
  AUTHOR = {Baude, Fran{\c c}oise and Henrio, Ludovic and Ruz, Cristian},
  OPTURL = {https://hal.inria.fr/hal-01001043},
  JOURNAL = {{Software: Practice and Experience}},
  PUBLISHER = {{Wiley}},
  YEAR = {2014},
  MONTH = May,
  OPTPDF = {https://hal.inria.fr/hal-01001043/file/spe2013.pdf},
  HAL_ID = {hal-01001043},
  HAL_VERSION = {v1},
}
@Article{Blair2009,
author="Blair, Gordon
and Coupaye, Thierry
and Stefani, Jean-Bernard",
title="{Component-based architecture: the Fractal initiative}",
journal="{Annals of telecommunications}",
year="2009",
month="Feb",
day="01",
volume="64",
number="1",
pages="1--4",
issn="1958-9395",
doi="10.1007/s12243-009-0086-1",
opturl="https://doi.org/10.1007/s12243-009-0086-1"
}
@article{Peterson:1977:PN:356698.356702,
 author = {Peterson, James L.},
 title = {Petri Nets},
 journal = {ACM Comput. Surv.},
 issue_date = {Sept. 1977},
 volume = {9},
 number = {3},
 month = {Sep.},
 year = {1977},
 issn = {0360-0300},
 pages = {223--252},
 numpages = {30},
 url = {http://doi.acm.org/10.1145/356698.356702},
 doi = {10.1145/356698.356702},
 acmid = {356702},
 publisher = {ACM},
 address = {New York, NY, USA},
} 

@inproceedings{lebre2017ic2e,
  author={Lebre, Adrien and Pastor, Jonathan and Simonet, Anthony and
    Desprez, Fr{\'e}d{\'e}ric},
  booktitle={2017 IEEE International Conference on Cloud Engineering (IC2E)},
  title={Revising {OpenStack} to Operate Fog/Edge Computing Infrastructures},
  year={2017},
  pages={138--148},
  doi={10.1109/IC2E.2017.35},
  month={April}
}

@inproceedings{coullon:hal-01532489,
  TITLE = {{Production Deployment Tools for IaaSes: an Overall Model and Survey}},
  AUTHOR = {Coullon, H{\'e}l{\`e}ne and Pertin, Dimitri and P{\'e}rez, Christian},
  URL = {https://hal.inria.fr/hal-01532489},
  BOOKTITLE = {{The IEEE 5th International Conference on Future Internet of Things and Cloud (FiCloud)}},
  ADDRESS = {Prague, Czech Republic},
  PAGES = {183-190},
  YEAR = {2017},
  MONTH = Aug,
  DOI = {10.1109/FiCloud.2017.51},
  KEYWORDS = { Survey ; Deployment ;  Openstack ;  IaaS ;  Model},
  PDF = {https://hal.inria.fr/hal-01532489/file/main.pdf},
  HAL_ID = {hal-01532489},
  HAL_VERSION = {v1},
}

@inproceedings{Chaimov:2016:SSH:2907294.2907310,
 author = {Chaimov, Nicholas and Malony, Allen and Canon, Shane and Iancu, Costin and Ibrahim, Khaled Z. and Srinivasan, Jay},
 title = {Scaling Spark on HPC Systems},
 booktitle = {Proceedings of the 25th ACM International Symposium on High-Performance Parallel and Distributed Computing},
 series = {HPDC '16},
 year = {2016},
 isbn = {978-1-4503-4314-5},
 location = {Kyoto, Japan},
 pages = {97--110},
 numpages = {14},
 url = {http://doi.acm.org/10.1145/2907294.2907310},
 doi = {10.1145/2907294.2907310},
 acmid = {2907310},
 publisher = {ACM},
 address = {New York, NY, USA},
 keywords = {apache spark, berkeley data analytics stack, cray xc, lustre, shifter},
}

@ARTICLE{7422054, 
author={D. Zeng and L. Gu and S. Guo and Z. Cheng and S. Yu}, 
journal={IEEE Transactions on Computers}, 
title={Joint Optimization of Task Scheduling and Image Placement in Fog Computing Supported Software-Defined Embedded System}, 
year={2016}, 
volume={65}, 
number={12}, 
pages={3702-3712}, 
keywords={cloud computing;computational complexity;embedded systems;integer programming;nonlinear programming;resource allocation;scheduling;I/O interrupt requests balancing;computational complexity;fog computing;image placement;mixed-integer nonlinear programming problem;software-defined embedded system;storage servers;task images;task scheduling;workload balancing;Embedded systems;Fog computing;Image edge detection;Minimization;Processor scheduling;Resource management;Servers;Fog computing;optimization;resource management;software-defined embedded system;task scheduling}, 
doi={10.1109/TC.2016.2536019}, 
ISSN={0018-9340}, 
month={Dec},}

@article{Hu:2017:SFC:3164154.3164301,
 author = {Hu, Pengfei and Dhelim, Sahraoui and Ning, Huansheng and Qiu, Tie},
 title = {Survey on Fog Computing},
 journal = {J. Netw. Comput. Appl.},
 issue_date = {November 2017},
 volume = {98},
 number = {C},
 month = nov,
 year = {2017},
 issn = {1084-8045},
 pages = {27--42},
 numpages = {16},
 url = {https://doi.org/10.1016/j.jnca.2017.09.002},
 doi = {10.1016/j.jnca.2017.09.002},
 acmid = {3164301},
 publisher = {Academic Press Ltd.},
 address = {London, UK, UK},
 keywords = {Application, Architecture, Cloud computing, Edge computing, Fog computing, Internet of Things(IoT)},
}

@article{bell2015jop,
  author={Bell, Tim and Bompastor, B and Bukowiec, S and Leon, J Castro and
      Denis, MK and van Eldik, J and Lobo, M Fermin and Alvarez, L Fernandez
      and Rodriguez, D Fernandez and Marino, A and others},
  title={Scaling the {CERN} {O}pen{S}tack {C}loud},
  journal={Journal of Physics: Conference Series},
  volume={664},
  number={2},
  url={http://stacks.iop.org/1742-6596/664/i=2/a=022003},
  year={2015},
}

% ansible
@misc{ansible:web,
  year  = 2020,
  title = "{Ansible}",
  howpublished = {\url{https://www.ansible.com/}}
}
% puppet
@misc{puppet:web,
  year  = 2020,
  title = "{Puppet}",
  howpublished = {\url{https://puppet.com/}}
}
% chef
@misc{chef:web,
  year  = 2020,
  title = "{Chef}",
  howpublished = {\url{https://www.chef.io/}}
}
% saltstack
@misc{salt:web,
  year  = 2020,
  title = "{Saltstack}",
  howpublished = {\url{https://www.saltstack.com/}}
}
% docker
@misc{docker:web,
  year  = 2020,
  title = "{Docker}",
  howpublished = {\url{https://www.docker.com/}}
}
% DockerSwarm
@misc{dockerswarm:web,
  year  = 2020,
  title = "{DockerSwarm}",
  howpublished = {\url{https://docs.docker.com/engine/swarm/}}
}
% Kubernetes
@misc{kubernetes:web,
  year  = 2020,
  title = "{Kubernetes}",
  howpublished = {\url{http://kubernetes.io/}}
}
@book{43826,
title = {Kubernetes - Scheduling the Future at Cloud Scale},
author  = {David K. Rensin},
year  = 2015,
URL = {http://www.oreilly.com/webops-perf/free/kubernetes.csp},
booktitle = {OSCON 2015},
pages = {All},
address = {1005 Gravenstein Highway North Sebastopol, CA 95472}
}
% Terraform
@misc{terraform:web,
  year  = 2020,
  title = "{Terraform}",
  howpublished = {\url{https://www.terraform.io/}}
}
% juju
@misc{juju:web,
  year  = 2020,
  title = "{Juju}",
  howpublished = {\url{https://jaas.ai/}}
}
% cloudformation
@misc{cloudf:web,
  year  = 2020,
  title = "{CloudFormation}",
  howpublished = {\url{https://aws.amazon.com/fr/cloudformation/}}
}
% heat
@misc{heat:web,
  year  = 2020,
  title = "{Heat}",
  howpublished = {\url{https://wiki.openstack.org/wiki/Heat}}
}

% cloudify
@misc{cloudify:web,
  year  = 2020,
  title = "{Cloudify}",
  howpublished = {\url{http://getcloudify.org/whitepapers/intro-to-cloudify.html}}
}
% OpenTOSCA
@misc{opentosca:web,
  year  = 2020,
  title = "{OpenTosca}",
  howpublished = {\url{https://www.opentosca.org/sites/publications.html}}
}
@Inbook{Binz2013,
author="Binz, Tobias
and Breitenb{\"u}cher, Uwe
and Haupt, Florian
and Kopp, Oliver
and Leymann, Frank
and Nowak, Alexander
and Wagner, Sebastian",
title="OpenTOSCA -- A Runtime for TOSCA-Based Cloud Applications",
bookTitle="Service-Oriented Computing: 11th International Conference, ICSOC 2013, Berlin, Germany, December 2-5, 2013, Proceedings",
year="2013",
publisher="Springer Berlin Heidelberg",
address="Berlin, Heidelberg",
pages="692--695",
isbn="978-3-642-45005-1",
doi="10.1007/978-3-642-45005-1_62",
url="http://dx.doi.org/10.1007/978-3-642-45005-1_62"
}
% TOSCA
@misc{tosca:web,
  title = "{Topology and Orchestration Specification for Cloud Applications Version 1.3}",
  year="2019",
  howpublished = {\url{http://docs.oasis-open.org/tosca/TOSCA-Simple-Profile-YAML/v1.3/TOSCA-Simple-Profile-YAML-v1.3.pdf}}
}

@INPROCEEDINGS{7561358,
author={W. {Chareonsuk} and W. {Vatanawood}},
booktitle={2016 13th International Conference on Electrical Engineering/Electronics, Computer, Telecommunications and Information Technology (ECTI-CON)},
title={Formal verification of cloud orchestration design with TOSCA and BPEL},
year={2016},
volume={},
number={},
pages={1-5},
keywords={cloud computing;formal verification;Web services;Web Services Business Process Execution Language;formal verification;cloud orchestration design;TOSCA;BPEL;Topology and Orchestration Specification for Cloud Applications;Business Process Execution Language;cloud providers;cloud services;Web services;Promela;SPIN model checker;linear temporal logic formula;Cloud computing;Topology;Standards;Safety;Business;Documentation;TOSCA;Promela;SPIN;BPEL;LTL},
doi={10.1109/ECTICon.2016.7561358},
ISSN={null},
month={June},}

@INPROCEEDINGS{8599581,
author={M. {Wurster} and U. {Breitenbücher} and K. {Képes} and F. {Leymann} and V. {Yussupov}},
booktitle={2018 IEEE 11th Conference on Service-Oriented Computing and Applications (SOCA)},
title={Modeling and Automated Deployment of Serverless Applications Using TOSCA},
year={2018},
volume={},
number={},
pages={73-80},
keywords={cloud computing;computing resources;physical capacities;deployment technologies;single cloud provider;multicloud application deployments;multiple technologies;event-driven nature;application structures;event-driven deployment modeling approach;multicloud serverless applications;serverless computing paradigm;application developers;cloud applications;TOSCA-based ecosystem;OpenTOSCA;Cloud computing;Computational modeling;Topology;Standards;Computer architecture;FAA;Serverless;Multi-Cloud;Modeling;Automated Deployment;TOSCA},
doi={10.1109/SOCA.2018.00017},
ISSN={2163-2871},
month={Nov},}

% YOLO
@inproceedings{nguyen:hal-02172288,
  TITLE = {{YOLO: Speeding up VM and Docker Boot Time by reducing I/O operations}},
  AUTHOR = {Nguyen , Thuy Linh and Nou, Ramon and Lebre, Adrien},
  URL = {https://hal.inria.fr/hal-02172288},
  BOOKTITLE = {{EURO-PAR 2019 - European Conference on Parallel Processing}},
  ADDRESS = {G{\"o}ttingen, Germany},
  PUBLISHER = {{Springer}},
  PAGES = {273-287},
  YEAR = {2019},
  MONTH = Aug,
  DOI = {10.1007/978-3-030-29400-7\_20},
  KEYWORDS = {virtualization ; boot duration ; containerization},
  PDF = {https://hal.inria.fr/hal-02172288/file/Euro-Par_2019_pdf_158.pdf},
  HAL_ID = {hal-02172288},
  HAL_VERSION = {v1},
}

% NITRO
@inproceedings{darrous:hal-01745405,
  TITLE = {{Nitro: Network-Aware Virtual Machine Image Management in Geo-Distributed Clouds}},
  AUTHOR = {Darrous, Jad and Ibrahim, Shadi and Zhou, Amelie Chi and P{\'e}rez, Christian},
  URL = {https://hal.inria.fr/hal-01745405},
  BOOKTITLE = {{CCGrid 2018 - 18th IEEE/ACM International Symposium on Cluster, Cloud and Grid Computing}},
  ADDRESS = {Washington D.C., United States},
  HAL_LOCAL_REFERENCE = {ACTI+},
  PUBLISHER = {{IEEE}},
  PAGES = {553-562},
  YEAR = {2018},
  MONTH = May,
  DOI = {10.1109/CCGRID.2018.00082},
  KEYWORDS = {data transfer ; deduplication ; virtual machine image ; Geo-distribution ; scheduling},
  PDF = {https://hal.inria.fr/hal-01745405/file/Nitro_CCGrid_18_CR_FINAL.pdf},
  HAL_ID = {hal-01745405},
  HAL_VERSION = {v1},
}

% madeus
@inproceedings{chardet:hal-01858150,
  TITLE = {{Madeus: A formal deployment model}},
  AUTHOR = {Chardet, Maverick and Coullon, H{\'e}l{\`e}ne and Pertin, Dimitri and P{\'e}rez, Christian},
  URL = {https://hal.inria.fr/hal-01858150},
  BOOKTITLE = {{4PAD 2018 - 5th International Symposium on Formal Approaches to Parallel and Distributed Systems  (hosted at HPCS 2018)}},
  ADDRESS = {Orl{\'e}ans, France},
  PAGES = {1-8},
  YEAR = {2018},
  MONTH = Jul,
  KEYWORDS = {Automatic deployment ; distributed software ; component models ; formal models},
  PDF = {https://hal.inria.fr/hal-01858150/file/main.pdf},
  HAL_ID = {hal-01858150},
  HAL_VERSION = {v1},
}
@inproceedings{coullon:hal-02323641,
  TITLE = {{Integrated Model-checking for the Design of Safe and Efficient Distributed Software Commissioning}},
  AUTHOR = {Coullon, H{\'e}l{\`e}ne and Jard, Claude and Lime, Didier},
  URL = {https://hal.archives-ouvertes.fr/hal-02323641},
  BOOKTITLE = {{IFM 2019 - 15th International Conference on integrated Formal Methods}},
  ADDRESS = {Bergen, Norway},
  PAGES = {1-18},
  YEAR = {2019},
  MONTH = Dec,
  PDF = {https://hal.archives-ouvertes.fr/hal-02323641/file/main.pdf},
  HAL_ID = {hal-02323641},
  HAL_VERSION = {v1},
}

@ARTICLE{6409358, author={F. {Hermenier} and J. {Lawall} and G. {Muller}}, journal={IEEE Transactions on Dependable and Secure Computing}, title={BtrPlace: A Flexible Consolidation Manager for Highly Available Applications}, year={2013}, volume={10}, number={5}, pages={273-286},} 

@InProceedings{10.1007/978-3-319-47677-3_15,
	author="{\'A}brah{\'a}m, Erika
	and Corzilius, Florian
	and Johnsen, Einar Broch
	and Kremer, Gereon
	and Mauro, Jacopo",
	editor="Fr{\"a}nzle, Martin
	and Kapur, Deepak
	and Zhan, Naijun",
	title="Zephyrus2: On the Fly Deployment Optimization Using SMT and CP Technologies",
	booktitle="Dependable Software Engineering: Theories, Tools, and Applications",
	year="2016",
	publisher="Springer International Publishing",
	address="Cham",
	pages="229--245",
	isbn="978-3-319-47677-3"
}

@inproceedings{cadorel:hal-02165835,
	TITLE = {{A workflow scheduling deadline-based heuristic for energy optimization in Cloud}},
	AUTHOR = {Cadorel, Emile and Coullon, H{\'e}l{\`e}ne and Menaud, Jean-Marc},
	URL = {https://hal.inria.fr/hal-02165835},
	BOOKTITLE = {{GreenCom 2019 - 15th IEEE International Conference on Green Computing and Communications}},
	ADDRESS = {Atlanta, United States},
	PUBLISHER = {{IEEE}},
	PAGES = {1-10},
	YEAR = {2019},
	MONTH = Jul,
	KEYWORDS = {HEFT ; Algorithm ; Virtual Machines ; Schedul- ing ; Scientific Workflow ; Cloud Computing},
	PDF = {https://hal.inria.fr/hal-02165835/file/Cadorel.pdf},
	HAL_ID = {hal-02165835},
	HAL_VERSION = {v1},
}

@inproceedings{ccgridemile,
  TITLE = {{Online Multi-User Workflow Scheduling Algorithm for Fairness and Energy Optimization}},
  AUTHOR = {Cadorel, Emile and Coullon, H{\'e}l{\`e}ne and Menaud, Jean-Marc},
  URL = {https://hal.archives-ouvertes.fr/hal-02551733},
  BOOKTITLE = {{CCGrid2020 - 20th International Symposium on Cluster, Cloud and Internet Computing}},
  ADDRESS = {Melbourne, Australia},
  YEAR = {2020},
  MONTH = Nov,
  DOI = {10.1109/CCGrid49817.2020.00-36},
  KEYWORDS = {Cloud Computing ; Scientific Workflows ; Fairness ; Energy ; Scheduling ; Algorithm},
  PDF = {https://hal.archives-ouvertes.fr/hal-02551733/file/PID6403953.pdf},
}


@inproceedings{ccgridmaverick,
  TITLE = {{Predictable Efficiency for Reconfiguration of Service-Oriented Systems with Concerto}},
  AUTHOR = {Chardet, Maverick and Coullon, H{\'e}l{\`e}ne and P{\'e}rez, Christian},
  URL = {https://hal.inria.fr/hal-02535077},
  BOOKTITLE = {{CCGrid 2020 - 20th IEEE/ACM International Symposium on Cluster, Cloud and Internet Computing}},
  ADDRESS = {Melbourne, Australia},
  PUBLISHER = {{IEEE}},
  YEAR = {2020},
  MONTH = Jun,
  KEYWORDS = {distributed systems ; reconfiguration ; component model ; performance},
  PDF = {https://hal.inria.fr/hal-02535077/file/main.pdf},
}

@inproceedings{10.5555/2432523.2432528,
	author = {Hewson, John A. and Anderson, Paul and Gordon, Andrew D.},
	title = {A Declarative Approach to Automated Configuration},
	year = {2012},
	publisher = {USENIX Association},
	address = {USA},
	booktitle = {Proceedings of the 26th International Conference on Large Installation System Administration: Strategies, Tools, and Techniques},
	pages = {51–66},
	numpages = {16},
	keywords = {automation, configuration management, constraints},
	location = {San Diego, CA},
	series = {lisa’12}
}

@inproceedings{DBLP:conf/pldi/FischerME12,
	author    = {Jeffrey Fischer and
	Rupak Majumdar and
	Shahram Esmaeilsabzali},
	title     = {Engage: a deployment management system},
	booktitle = {{ACM} {SIGPLAN} Conference on Programming Language Design and Implementation,
	{PLDI} '12, Beijing, China - June 11 - 16, 2012},
	pages     = {263--274},
	year      = {2012},
	url       = {https://doi.org/10.1145/2254064.2254096},
	doi       = {10.1145/2254064.2254096},
	timestamp = {Tue, 06 Nov 2018 16:59:30 +0100},
	biburl    = {https://dblp.org/rec/bib/conf/pldi/FischerME12},
	bibsource = {dblp computer science bibliography, https://dblp.org}
}

@article{10.1145/1496909.1496915,
	author = {Goldsack, Patrick and Guijarro, Julio and Loughran, Steve and Coles, Alistair and Farrell, Andrew and Lain, Antonio and Murray, Paul and Toft, Peter},
	title = {The SmartFrog Configuration Management Framework},
	year = {2009},
	issue_date = {January 2009},
	publisher = {Association for Computing Machinery},
	address = {New York, NY, USA},
	volume = {43},
	number = {1},
	issn = {0163-5980},
	url = {https://doi.org/10.1145/1496909.1496915},
	doi = {10.1145/1496909.1496915},
	journal = {SIGOPS Oper. Syst. Rev.},
	month = jan,
	pages = {16–25},
	numpages = {10},
}
